@article{DBLP:journals/corr/VaswaniSPUJGKP17,
  author    = {Ashish Vaswani and
               Noam Shazeer and
               Niki Parmar and
               Jakob Uszkoreit and
               Llion Jones and
               Aidan N. Gomez and
               Lukasz Kaiser and
               Illia Polosukhin},
  title     = {Attention Is All You Need},
  journal   = {CoRR},
  volume    = {abs/1706.03762},
  year      = {2017},
  url       = {http://arxiv.org/abs/1706.03762},
  archivePrefix = {arXiv},
  eprint    = {1706.03762},
  timestamp = {Mon, 13 Aug 2018 16:48:37 +0200},
  biburl    = {https://dblp.org/rec/bib/journals/corr/VaswaniSPUJGKP17},
  bibsource = {dblp computer science bibliography, https://dblp.org}
}

@misc{dehghani2018universal,
    title={Universal Transformers},
    author={Mostafa Dehghani and Stephan Gouws and Oriol Vinyals and Jakob Uszkoreit and Łukasz Kaiser},
    year={2018},
    eprint={1807.03819},
    archivePrefix={arXiv},
    primaryClass={cs.CL}
}
@misc{wang2018semiautoregressive,
    title={Semi-Autoregressive Neural Machine Translation},
    author={Chunqi Wang and Ji Zhang and Haiqing Chen},
    year={2018},
    eprint={1808.08583},
    archivePrefix={arXiv},
    primaryClass={cs.CL}
}

@article{DBLP:journals/corr/Graves16,
  author    = {Alex Graves},
  title     = {Adaptive Computation Time for Recurrent Neural Networks},
  journal   = {CoRR},
  volume    = {abs/1603.08983},
  year      = {2016},
  url       = {http://arxiv.org/abs/1603.08983},
  archivePrefix = {arXiv},
  eprint    = {1603.08983},
  timestamp = {Mon, 13 Aug 2018 16:47:31 +0200},
  biburl    = {https://dblp.org/rec/bib/journals/corr/Graves16},
  bibsource = {dblp computer science bibliography, https://dblp.org}
}

@misc{weston2015aicomplete,
    title={Towards AI-Complete Question Answering: A Set of Prerequisite Toy Tasks},
    author={Jason Weston and Antoine Bordes and Sumit Chopra and Alexander M. Rush and Bart van Merriënboer and Armand Joulin and Tomas Mikolov},
    year={2015},
    eprint={1502.05698},
    archivePrefix={arXiv},
    primaryClass={cs.AI}
}

@misc{shaw2018selfattention,
    title={Self-Attention with Relative Position Representations},
    author={Peter Shaw and Jakob Uszkoreit and Ashish Vaswani},
    year={2018},
    eprint={1803.02155},
    archivePrefix={arXiv},
    primaryClass={cs.CL}
}

@article{DBLP:journals/corr/GehringAGYD17,
  author    = {Jonas Gehring and
               Michael Auli and
               David Grangier and
               Denis Yarats and
               Yann N. Dauphin},
  title     = {Convolutional Sequence to Sequence Learning},
  journal   = {CoRR},
  volume    = {abs/1705.03122},
  year      = {2017},
  url       = {http://arxiv.org/abs/1705.03122},
  archivePrefix = {arXiv},
  eprint    = {1705.03122},
  timestamp = {Mon, 13 Aug 2018 16:48:03 +0200},
  biburl    = {https://dblp.org/rec/bib/journals/corr/GehringAGYD17},
  bibsource = {dblp computer science bibliography, https://dblp.org}
}

@article{DBLP:journals/corr/KalchbrennerESO16,
  author    = {Nal Kalchbrenner and
               Lasse Espeholt and
               Karen Simonyan and
               A{\"{a}}ron van den Oord and
               Alex Graves and
               Koray Kavukcuoglu},
  title     = {Neural Machine Translation in Linear Time},
  journal   = {CoRR},
  volume    = {abs/1610.10099},
  year      = {2016},
  url       = {http://arxiv.org/abs/1610.10099},
  archivePrefix = {arXiv},
  eprint    = {1610.10099},
  timestamp = {Mon, 13 Aug 2018 16:46:38 +0200},
  biburl    = {https://dblp.org/rec/bib/journals/corr/KalchbrennerESO16},
  bibsource = {dblp computer science bibliography, https://dblp.org}
}

@article{DBLP:journals/corr/abs-1804-00247,
  author    = {Martin Popel and
               Ondrej Bojar},
  title     = {Training Tips for the Transformer Model},
  journal   = {CoRR},
  volume    = {abs/1804.00247},
  year      = {2018},
  url       = {http://arxiv.org/abs/1804.00247},
  archivePrefix = {arXiv},
  eprint    = {1804.00247},
  timestamp = {Mon, 13 Aug 2018 16:47:13 +0200},
  biburl    = {https://dblp.org/rec/bib/journals/corr/abs-1804-00247},
  bibsource = {dblp computer science bibliography, https://dblp.org}
}